@misc{SimonBrown,
    author    = "Simon Brown",
    title     = "Introduction to the Java 2 Platform, Enterprise Edition (J2EE)",
    year      = "2002",
    url       = "\url{http://www.javaranch.com/journal/2002/10/J2EE.html}",
    note = "Available: \url{http://www.javaranch.com/journal/2002/10/J2EE.html}, [Accessed: 17- February- 2017]"
}

@misc{ChrisGeorge,
    author    = "Christopher George & Raymond Millien",
    title     = "Protecting IP in an Agile Software Development Environment",
    year      = "2015",
    url       = "\url{http://www.ipwatchdog.com/2015/12/28/protecting-ip-agile-software-development/id=64171/}",
    note = "Available: \url{http://www.ipwatchdog.com/2015/12/28/protecting-ip-agile-software-development/id=64171/}, [Accessed: 23- February- 2017]"
}

@misc{MonicaPawlan,
    author    = "Monica Pawlan",
    title     = "Essentials of the Java Programming Language, Part 1",
    year      = "1999",
    url       = "\url{http://www.oracle.com/technetwork/java/index-138747.html}",
    note = "Available: \url{http://www.oracle.com/technetwork/java/index-138747.html}, [Accessed: 11- February- 2017]"
}

@misc{Eclipse,
    title     = "Eclipsepedia",
    year      = "2017",
    url       = "\url{https://wiki.eclipse.org/Main_Page}",
    note = "Available: \url{https://wiki.eclipse.org/Main_Page}, [Accessed: 11- November- 2016]"
}

@misc{Mongo,
    title     = "MongoDB for GIANT Ideas",
    year      = "2017",
    url       = "\url{https://www.mongodb.com/}",
    note = "Available: \url{https://www.mongodb.com/}, [Accessed: 11 November, 2016]"
}
@misc{JavaScript,
    author    = "Nvme",
    title     = "Introduction - JavaScript",
    year      = "2017",
    url       = "\url{https://developer.mozilla.org/en-US/docs/Web/JavaScript/Guide/Introduction}",
    note = "Available: \url{https://developer.mozilla.org/en-US/docs/Web/JavaScript/Guide/Introduction}, [Accessed: 3 April, 2016]"
}

@misc{JavaScriptFunctions,
    title     = "JavaScript Functions",
    url       = "\url{https://www.w3schools.com/js/js_functions.asp}",
    note = "Available: \url{https://www.w3schools.com/js/js_functions.asp}, [Accessed: 3 April, 2016]"
}

@misc{CSS,
    author    = "Chris David Mills, Richard Zacur",
    title     = "Introduction to CSS",
    year      = "2016",
    url       = "\url{https://developer.mozilla.org/en-US/docs/Learn/CSS/Introduction_to_CSS}",
    note = "Available: \url{https://developer.mozilla.org/en-US/docs/Learn/CSS/Introduction_to_CSS}, [Accessed: 3 April, 2016]"
}


@misc{HerokuCLI,
    title     = "Heroku CLI",
    year      = "2017",
    url       = "\url{https://devcenter.heroku.com/articles/heroku-cli}",
    note = "Available: \url{https://devcenter.heroku.com/articles/heroku-cli}, [Accessed: 9- February- 2017]"
}

@misc{KlintFinley,
    author    = "Klint Finley",
    title     = "What Exactly Is GitHub Anyway?",
    year      = "2012",
    url       = "\url{https://techcrunch.com/2012/07/14/what-exactly-is-github-anyway/}",
    note = "Available: \url{https://techcrunch.com/2012/07/14/what-exactly-is-github-anyway/}, [Accessed: 2- February- 2017]"
}

@misc{JUnit1,
    title     = "JUnit",
    year      = "2017",
    url       = "\url{http://junit.org/junit4/}",
    note = "Available: \url{http://junit.org/junit4/}, [Accessed: 2- February- 2017]"
}

@misc{JUnit,
    title     = "Unit Testing with JUnit",
    year      = "2007",
    url       = "\url{http://www.vogella.com/tutorials/JUnit/article.html#unittesting_junitexample}",
    note = "Available: \url{http://www.vogella.com/tutorials/JUnit/article.html#unittesting_junitexample}, [Accessed: 21- March- 2017]"
}

@misc{Selenium,
    title     = "Selenium-IDE",
    url       = "\url{http://www.seleniumhq.org/docs/02_selenium_ide.jsp}",
    note = "Available: \url{http://www.seleniumhq.org/docs/02_selenium_ide.jsp}, [Accessed: 7- April- 2017]"
}

@misc{JavaEE,
    title     = "Java Platform, Enterprise Edition (Java EE)",
    year      = "2012",
    url       = "\url{http://www.oracle.com/technetwork/java/javaee/overview/index.html}",
    note = "Available: \url{http://www.oracle.com/technetwork/java/javaee/overview/index.html}, [Accessed: 15- February- 2017]"
}

@misc{JEEJSE,
    title     = "Differences between Java EE and Java SE",
    year      = "2012",
    url       = "\url{http://docs.oracle.com/javaee/6/firstcup/doc/gkhoy.html}",
    note = "Available: \url{http://docs.oracle.com/javaee/6/firstcup/doc/gkhoy.html}, [Accessed: 22- February- 2017]"
}

@misc{VangieBeal,
    author    = "Vangie Beal",
    title     = "What is J2EE?",
    year      = "2012",
    url       = "\url{http://www.webopedia.com/TERM/J/J2EE.html}",
    note = "Available: \url{http://www.webopedia.com/TERM/J/J2EE.html}, [Accessed: 5- April- 2017]"
}

@misc{ScottMcPherson,
    author    = "Scott McPherson",
    title     = "JavaServer Pages: A Developer's Perspective",
    year      = "2000",
    url       = "\url{http://www.oracle.com/technetwork/articles/javase/jsp-135132.html}",
    note = "Available: \url{http://www.oracle.com/technetwork/articles/javase/jsp-135132.html}, [Accessed: 5- January- 2017]"
}

@misc{JSP,
    title     = "What is JSP?",
    url       = "\url{http://www.webopedia.com/TERM/J/JSP.html}",
    note = "Available: \url{http://www.webopedia.com/TERM/J/JSP.html}, [Accessed: 10- April- 2017]"
}

@misc{Pankaj,
    author    = "Pankaj",
    title     = "JSP Example Tutorial for Beginners",
    year      = "2016",
    url       = "\url{http://www.journaldev.com/2021/jsp-example-tutorial-for-beginners}",
    note = "Available: \url{http://www.journaldev.com/2021/jsp-example-tutorial-for-beginners}, [Accessed: 13- April- 2017]"
}

@misc{EricJendrock,
    author    = "Eric Jendrock",
    title     = "What Is a Servlet?",
    url       = "\url{http://docs.oracle.com/javaee/5/tutorial/doc/bnafe.html}",
    note = "Available: \url{http://docs.oracle.com/javaee/5/tutorial/doc/bnafe.html}, [Accessed: 11- April- 2017]"
}

@misc{StefanZeiger,
    author    = "Stefan Zeiger",
    title     = "Servlet Essentials - Chapter 1",
    year      = "1999",
    url       = "\url{http://www.novocode.com/doc/servlet-essentials/chapter1.html}",
    note = "Available: \url{http://www.novocode.com/doc/servlet-essentials/chapter1.html}, [Accessed: 13- April- 2017]"
}

@misc{ServletExamples,
    title     = "Servlets - Examples",
    url       = "\url{https://www.tutorialspoint.com/servlets/servlets-first-example.html}",
    note = "Available: \url{https://www.tutorialspoint.com/servlets/servlets-first-example.html}, [Accessed: 10- April- 2017]"
}

@misc{XMLtutorial,
    title     = "XML Tutorial",
    url       = "\url{https://www.w3schools.com/xml/default.asp}",
    note = "Available: \url{https://www.w3schools.com/xml/default.asp}, [Accessed: 11- April- 2017]"
}

@misc{MargaretRouse,
    author    = "Margaret Rouse",
    title     = "What Is XML (Extensible Markup Language)?",
    year      = "2014",
    url       = "\url{http://searchmicroservices.techtarget.com/definition/XML-Extensible-Markup-Language}",
    note = "Available: \url{http://searchmicroservices.techtarget.com/definition/XML-Extensible-Markup-Language}, [Accessed: 8- April- 2017]"
}

@misc{NormanWalsh,
    author    = "Norman Walsh",
    title     = "Getting Started with XML Programming",
    year      = "1999",
    url       = "\url{https://www.xml.com/pub/a/norm/part1/getstart1.html}",
    note = "Available: \url{https://www.xml.com/pub/a/norm/part1/getstart1.html}, [Accessed: 2- April- 2017]"
}

@misc{ApacheTomcat,
    title     = "Apache Tomcat",
    year      = "2017",
    url       = "\url{http://tomcat.apache.org/}",
    note = "Available: \url{http://tomcat.apache.org/}, [Accessed: 7- April- 2017]"
}

@misc{Heroku,
    title     = "About Heroku",
    year      = "2017",
    url       = "\url{https://www.heroku.com/about}",
    note = "Available: \url{https://www.heroku.com/about}, [Accessed: 4- April- 2017]"
}

@misc{MongoAbout,
    title     = "What is MongoDB?",
    year      = "2017",
    url       = "\url{https://www.mongodb.com/what-is-mongodb}",
    note = "Available: \url{https://www.mongodb.com/what-is-mongodb}, [Accessed: 8- April- 2017]"
}

@misc{mLab,
    author    = "Margaret Rouse",
    title     = "MongoDB Hosting: Databse-as-a-Service",
    year      = "2017",
    url       = "\url{https://mlab.com/}",
    note = "Available: \url{https://mlab.com/}, [Accessed: 8- April- 2017]"
}

@misc{WilliamZola,
    author    = "William Zola",
    title     = "6 Rules of Thumb for MongoDB Schema Design: Part 1",
    year      = "2014",
    url       = "\url{https://www.mongodb.com/blog/post/6-rules-of-thumb-for-mongodb-schema-design-part-1}",
    note = "Available: \url{https://www.mongodb.com/blog/post/6-rules-of-thumb-for-mongodb-schema-design-part-1}, [Accessed: 6- April- 2017]"
}

@misc{Timetable,
    author    = "Lawrence Mandel",
    title     = "WTP Tutorials - Building a School Schedule Web Application",
    year      = "2005",
    url       = "\url{http://www.eclipse.org/webtools/community/tutorials/SchoolSchedule/BuildingAScheduleWebApp.html}",
    note = "Available: \url{http://www.eclipse.org/webtools/community/tutorials/SchoolSchedule/BuildingAScheduleWebApp.html}, [Accessed: 6- April- 2017]"
}

@misc{PostgreSQL,
    title     = "PostgreSQL - Overview",
    url       = "\url{https://www.tutorialspoint.com/postgresql/postgresql_overview.htm}",
    note = "Available: \url{https://www.tutorialspoint.com/postgresql/postgresql_overview.htm}, [Accessed: 6- April- 2017]"
}

@misc{PostgreContributors,
    title     = "PostgreSQL: Contributor Profile",
    url       = "\url{https://www.postgresql.org/community/contributors/}",
    note = "Available: \url{https://www.postgresql.org/community/contributors/}, [Accessed: 6- April- 2017]"
}

@misc{PostgreAbout,
    title     = "PostgreSQL: About",
    url       = "\url{https://www.postgresql.org/about/}",
    note = "Available: \url{https://www.postgresql.org/about/}, [Accessed: 6- April- 2017]"
}

@misc{Bootstrap,
    author    = "Margaret Rouse",
    title     = "MongoDB Hosting: Databse-as-a-Service",
    year      = "2017",
    url       = "\url{https://blog.getbootstrap.com/}",
    note = "Available: \url{https://blog.getbootstrap.com/}, [Accessed: 5- April- 2017]"
}

@misc{ChristopherGimmer,
    author    = "Christopher Gimmer",
    title     = "Top 5 Reasons to use Bootstrap",
    year      = "2014",
    url       = "\url{https://bootstrapbay.com/blog/reasons-to-use-bootstrap/}",
    note = "Available: \url{https://bootstrapbay.com/blog/reasons-to-use-bootstrap/}, [Accessed: 6- April- 2017]"
}

@misc{BootstrapModals,
    title     = "Bootstrap Modals",
    url       = "\url{https://www.w3schools.com/bootstrap/bootstrap_modal.asp}",
    note = "Available: \url{https://www.w3schools.com/bootstrap/bootstrap_modal.asp}, [Accessed: 6- April- 2017]"
}

@misc{JQueryOverview,
    title     = "jQuery Overview",
    url       = "\url{https://www.tutorialspoint.com/jquery/jquery-overview.htm}",
    note = "Available: \url{https://www.tutorialspoint.com/jquery/jquery-overview.htm}, [Accessed: 6- April- 2017]"
}

@misc{JQueryExamples,
    title     = "jQuery Examples",
    year      = "2014",
    url       = "\url{https://www.w3schools.com/jquery/jquery_examples.asp}",
    note = "Available: \url{https://www.w3schools.com/jquery/jquery_examples.asp}, [Accessed: 6- April- 2017]"
}

@misc{JavaMongoDriver,
    title     = "Java MongoDB Driver",
    url       = "\url{https://docs.mongodb.com/ecosystem/drivers/java/}",
    note = "Available: \url{https://docs.mongodb.com/ecosystem/drivers/java/}, [Accessed: 7- April- 2017]"
}

@book{MikeCohn,
  author = "Cohn, Mike",
  title = "Agile estimating and planning",
  year = "2005",
  publisher = "Pearson Education"
}

@book{KristinaChodorw,
  title = "MongoDB: the definitive guide",
  author = "Chodorow, Kristina",
  year = "2013",
  publisher =" O'Reilly Media, Inc."
}

@misc{Calendar,
    title     = "FullCalendar - JavaScript Event Calendar",
    year      = "2017",
    url       = "\url{https://fullcalendar.io/}",
    note = "Available: \url{https://fullcalendar.io/}, [Accessed: 6- April- 2017]"
}

@misc{JSTL,
    title     = "JavaServer Pages Standard Tag Library",
    url       = "\url{http://www.oracle.com/technetwork/java/index-jsp-135995.html}",
    note = "Available: \url{http://www.oracle.com/technetwork/java/index-jsp-135995.html}, [Accessed: 7- April- 2017]"
}